<record><leader>00000cas a22000007a 4500</leader><controlfield tag="001">25575262</controlfield><controlfield tag="008">920402d19381977ctuwr ne      0    0eng d</controlfield><datafield ind1=" " ind2=" " tag="010"><subfield code="a">sn 92051220 </subfield></datafield><datafield ind1=" " ind2=" " tag="040"><subfield code="a">CNW</subfield><subfield code="b">eng</subfield><subfield code="c">CNW</subfield><subfield code="d">NVJ</subfield><subfield code="d">CNW</subfield><subfield code="d">OCLCQ</subfield><subfield code="d">OCLCF</subfield><subfield code="d">OCLCO</subfield></datafield><datafield ind1=" " ind2=" " tag="042"><subfield code="a">msc</subfield></datafield><datafield ind1=" " ind2=" " tag="043"><subfield code="a">n-us-ct</subfield></datafield><datafield ind1="0" ind2=" " tag="130"><subfield code="a">New era (Deep River, Conn.)</subfield></datafield><datafield ind1="1" ind2="4" tag="245"><subfield code="a">The new era.</subfield></datafield><datafield ind1=" " ind2=" " tag="260"><subfield code="a">Deep River, Conn. :</subfield><subfield code="b">Ernest L. Prann</subfield></datafield><datafield ind1=" " ind2=" " tag="300"><subfield code="a">v.</subfield></datafield><datafield ind1=" " ind2=" " tag="310"><subfield code="a">Weekly</subfield></datafield><datafield ind1="0" ind2=" " tag="362"><subfield code="a">Vol. 64, no. 15 (May 20, 1938)-v. 84, no. 1 (Oct. 24, 1957) ; 84th year, no. 2 (Oct. 31, 1957)-103rd year, no. 2 (Oct. 6, 1976) ; v. 103, no. 3 (Oct. 13, 1976)-v. 103, no. 17 (Jan. 19, 1977).</subfield></datafield><datafield ind1=" " ind2=" " tag="500"><subfield code="a">Issue for Sept. 23, 1938 published as: Storm ed.; issues for Aug. 22, 1957-Feb. 26, 1959 published as: Lower Valley ed.</subfield></datafield><datafield ind1=" " ind2=" " tag="500"><subfield code="a">Published in Guilford, Conn., Oct. 13, 1976-1977.</subfield></datafield><datafield ind1=" " ind2=" " tag="533"><subfield code="a">Also available on microfilm from the Connecticut State Library.</subfield></datafield><datafield ind1=" " ind2="0" tag="651"><subfield code="a">Deep River (Conn.)</subfield><subfield code="v">Newspapers.</subfield></datafield><datafield ind1=" " ind2="0" tag="651"><subfield code="a">Old Saybrook (Conn.)</subfield><subfield code="v">Newspapers.</subfield></datafield><datafield ind1=" " ind2="0" tag="651"><subfield code="a">Middlesex County (Conn.)</subfield><subfield code="v">Newspapers.</subfield></datafield><datafield ind1=" " ind2="0" tag="651"><subfield code="a">New London County (Conn.)</subfield><subfield code="v">Newspapers.</subfield></datafield><datafield ind1=" " ind2="7" tag="655"><subfield code="a">Newspapers.</subfield><subfield code="2">fast</subfield><subfield code="0">(OCoLC)fst01423814</subfield></datafield><datafield ind1=" " ind2="7" tag="651"><subfield code="a">Connecticut</subfield><subfield code="z">Deep River.</subfield><subfield code="2">fast</subfield><subfield code="0">(OCoLC)fst01207914</subfield></datafield><datafield ind1=" " ind2="7" tag="651"><subfield code="a">Connecticut</subfield><subfield code="z">Middlesex County.</subfield><subfield code="2">fast</subfield><subfield code="0">(OCoLC)fst01209862</subfield></datafield><datafield ind1=" " ind2="7" tag="651"><subfield code="a">Connecticut</subfield><subfield code="z">New London County.</subfield><subfield code="2">fast</subfield><subfield code="0">(OCoLC)fst01221053</subfield></datafield><datafield ind1=" " ind2="7" tag="651"><subfield code="a">Connecticut</subfield><subfield code="z">Old Saybrook.</subfield><subfield code="2">fast</subfield><subfield code="0">(OCoLC)fst01212741</subfield></datafield><datafield ind1=" " ind2=" " tag="752"><subfield code="a">United States</subfield><subfield code="b">Connecticut</subfield><subfield code="c">New Haven</subfield><subfield code="d">Guilford.</subfield></datafield><datafield ind1=" " ind2=" " tag="752"><subfield code="a">United States</subfield><subfield code="b">Connecticut</subfield><subfield code="c">Middlesex</subfield><subfield code="d">Deep River.</subfield></datafield><datafield ind1="0" ind2="0" tag="780"><subfield code="t">Deep River new era</subfield><subfield code="w">(DLC)sn 85038316</subfield><subfield code="w">(OCoLC)12253088</subfield></datafield><datafield ind1="0" ind2="4" tag="785"><subfield code="t">Pictorial</subfield><subfield code="w">(DLC)sn 94049696</subfield><subfield code="w">(OCoLC)25575335</subfield></datafield></record>